@misc{pumplin,
title={{RC Circuits}},
author={Jon Pumplin},
howpublished={\url{https://web.pa.msu.edu/courses/2000fall/phy232/lectures/rccircuits/rc.html}},
note={Accessed on 14/03/23},
}

@manual{manual,
title={{3rd Year Electronics Laboratory}},
author={John Quinn},
organization={{Department of Experimental Physics National University of Ireland, Dublin}},
}

@misc{TINA,
title={{TINA Circuit Simulator}},
organization={{DesignSoft}},
howpublished={\url{https://www.tina.com/}},
note={Accessed on 15/03/23},
}

@book{horowitz,
	author={Horowitz,Paul and Hill,Winfield},
	year={1989},
	title={The art of electronics},
	publisher={Cambridge University Press},
	address={Cambridge},
	edition={2nd},
	keywords={Electronic apparatus and appliances},	
	isbn={9780521370950;0521370957;},
}

@misc{seeed,
	title={{Voltage Dividers â€“ Circuits, Equation and Applications}},
	author={Yida},
	organization={{Seeed Studio}},
	howpublished={\url{https://www.seeedstudio.com/blog/2019/10/09/voltage-dividers-everything-you-need-to-know/}},
	note={accessed on 19/03/23.},
}

@misc{sengpiel,
title={{Voltage Gain and Power Gain}},
author={{Tontechnik-Rechner}},
howpublished={\url{http://www.sengpielaudio.com/calculatorVoltagePower.htm}},
note={accessed on 20/03/23.}
}

@manual{diodeData,
title={{1N/FDLL 914/A/B / 916/A/B / 4148 / 4448
Small Signal Diode}},
organization={{Fairchild Semiconductor Corporation}},
howpublished={\url{www.fairchildsemi.com}},
note={accessed on 23/03/23},
}