@article{undergradToledo,
	
	author={Simon,H. J. and Mitchell,D. E. and Watson,J. G.},
	
	year={1975},
	
	title={Surface plasmons in silver films—a novel undergraduate experiment},
	
	journal={American journal of physics},
	
	volume={43},
	
	number={7},
	
	pages={630-636},
	
	isbn={0002-9505},
	
	language={English},
	
}

@article{biomedicalApplications,
	
	author={Canovi,Mara and Lucchetti,Jacopo and Stravalaci,Matteo and Re,Francesca and Moscatelli,Davide and Bigini,Paolo and Salmona,Mario and Gobbi,Marco},
	
	year={2012},
	
	title={Applications of Surface Plasmon Resonance (SPR) for the characterization of nanoparticles developed for biomedical purposes},
	
	journal={Sensors (Basel, Switzerland)},
	
	volume={12},
	
	number={12},
	
	pages={16420-16432},
	
	keywords={Biological; Biosensing Techniques; Humans; Imaging; Ligands; Nanoparticles; Nanoparticles - chemistry; Nanostructure; Plasmons; Protein corona; Proteins; Quantitative analysis; Sensors; Surface Plasmon Resonance},
	
	isbn={1424-8220},
	
	language={English},
	
}

@article{opticalApplications,
	
	author={Zhang,Junxi and Zhang,Lide and Xu,Wei},
	
	year={2012},
	
	title={Surface plasmon polaritons: physics and applications},
	
	journal={Journal of physics. D, Applied physics},
	
	volume={45},
	
	number={11},
	
	pages={113001-1-19},

	keywords={Biosensors; Data storage; Devices; Dispersions; Excitation; Nanostructure; Plasmons; Polaritons},
	
	isbn={0022-3727},
	
	language={English},
	
}

@manual{nationalInstruments,
	
	title={Data Acquisition in Python in the UCD Physics Advanced Laboratories},
	
	organization={University College Dublin Advanced Physics Labs},
	
	note={\url{https://physicslabs.ucd.ie/docs/}},
}

@manual{motorDoc,
	
	title={Concentric Stepper Motors, Surface Plasmons Experiment},
	
	organization={University College Dublin Advanced Physics Labs},
}

@article{pluchery,
	
	author={Pluchery,Olivier and Vayron,Romain and Van,Kha-Man},
	
	year={2011},
	
	title={Laboratory experiments for exploring the surface plasmon resonance},
	
	journal={European journal of physics},
	
	volume={32},
	
	number={2},
	
	pages={585-599},
	
	keywords={College Science; Communication, education, history, and philosophy; Condensed Matter; Exact sciences and technology; General physics; Laboratory Experiments; Magnets; Metallurgy; Optics; Physics; Physics literature and publications; Science Experiments; Science Instruction; Scientific Principles; Surveys and tutorial papers, resource letters},
	
	isbn={0143-0807},	
}

@article{jonesPolarisation,
	
	author={Jones,Edwin R.},
	
	year={1996},
	
	title={Polarization of a helium‐neon laser},
	
	journal={The Physics teacher},
	
	volume={34},
	
	number={6},
	
	pages={346-348},
	
	keywords={Helium-neon lasers; Higher Education; Lasers; Optics; Physics; Polarized beams (Nuclear physics); Polarizers (Light); Science Experiments; Study and teaching},
	
	isbn={0031-921X},
	
	language={English},
	
}

@article{woolseyPolarisation,
	
	author={Woolsey,G. A. and Sulaiman,M. Y. and Mokhsin,Maarof},
	
	year={1982},
	
	title={Correlation of changes in laser tube temperature, cavity length, and beam polarization for an internal‐mirror helium–neon laser},
	
	journal={American journal of physics},
	
	volume={50},
	
	number={10},
	
	pages={936-940},
	
	isbn={0002-9505},
	
}

@misc{refractiveIndex,
	
	author={Mikhail Polyanskiy},
	
	title={Optical constants of Silver},
	
	note={\url{https://refractiveindex.info/?shelf=main&book=Ag&page=Johnson}, accessed on 19/01/2023},

}
@misc{sprTheory,
	
	organization={SPR Pages},
	
	title={Surface Plasmon Resonance Theory},
	
	note={\url{https://www.sprpages.nl/spr-overview/spr-theory}, visited on 20/01/2023},
	
}

@article{zeng,
	
	author={Zeng,Shuwen and Baillargeat,Dominique and Ho,Ho-Pui and Yong,Ken-Tye},
	
	year={2014},
	
	title={Nanomaterials enhanced surface plasmon resonance for biological and chemical sensing applications},
	
	journal={Chemical Society reviews},
	
	volume={43},
	
	number={1},
	
	pages={3426-3452},
	
	keywords={Biological; Biosensing Techniques; Equipment Design; Magnetic resonance; Nanomaterials; Nanoparticles; Nanostructure; Nanostructures; Optical sensors; Plasmons; Sensors; Surface Plasmon Resonance},
	
	isbn={0306-0012},
	
	language={English},
	
}