@PREAMBLE{
 "\providecommand{\noopsort}[1]{}" 
 # "\providecommand{\singleletter}[1]{#1}%" 
}

@MISC{manual,
   author={Morgan Fraser},
   title={Astronomical Image Analysis},
   year={2022-08-24},
}

@misc{astropy,
	author={M. Craig},
	title={CCD Reduction and Photemerty Guide},
	note = {\url{https://www.astropy.org/ccd-reduction-and-photometry-guide/}, visited 2022-10-22},
}
@misc{ccdEquation,
	author={Thomas J. Fellers and Michael W. Davidson},
	title={CCD Noise Sources and Signal-To-Noise Ratio},
	note = {\url{https://hamamatsu.magnet.fsu.edu/articles/ccdsnr.html}, visited 2022-11-13},
	organisation={National High Magnetic Field Laboratory},
}
@misc{transit,
	author={Andrew Vanderburg},
	title={Transit Light Curve Tutorial},
	note = {\url{https://avanderburg.github.io/tutorial/tutorial2.html}, visited 2022-11-13},
	year={2021},
	month={Jul}
}

@manual{olivier,
	author={Olivier Hainaut},
	title={Basic image processing},
	year={1996},
	month={dec},
	note={\url{http://www.eso.org/~ohainaut/ccd/}, visited 2022-11-13},
}

@article{messier,
	title={Messier Objects: Guide to the Bright Galaxies, Nebulae and Clusters Listed in the Messier Catalogue},
	note={\url{https://www.messier-objects.com/messier-91/}, visited on 2022-11-10},
}
@article{Horner_2012,
	doi = {10.1111/j.1365-2966.2012.21620.x},
	
	url = {https://doi.org/10.1111%2Fj.1365-2966.2012.21620.x},
	
	year = 2012,
	
	month = {aug},
	
	publisher = {Oxford University Press ({OUP})},
	
	volume = {425},
	
	number = {1},
	
	pages = {749--756},
	
	author = {J. Horner and R. A. Wittenmyer and T. C. Hinse and C. G. Tinney},
	
	title = {A detailed investigation of the proposed {NN} Serpentis planetary system},
	
	journal = {Monthly Notices of the Royal Astronomical Society},
}

@book{modernAstro,	
	author={Carroll,Bradley W. and Ostlie,Dale A.},
	year={2018},
	title={An introduction to modern astrophysics},
	publisher={Cambridge University Press},
	address={Cambridge},
	edition={Second},	
	isbn={9781108380980;1108380980;9781108422161;1108422160;},
	language={English},
}
@manual{telescope,
	title={IAC80 CAMELOT-2: Detector Characteristics and CCD-Cap user guide},
	author={Olga Zamora and Alberto Madrigal and David Nespral},
	organisation={Instituto de Astrofisica de Canarias},
	month={nov},
	year={2021},
}
@manual{hst,
	title={HST Data Handbook, Photometric Zero Point},
	edition={3.1},
	author={Mark Stevens},
	organisation={Space Telescope Science Institute},
	month={mar},
	year={1998},
	note={\url{https://www.stsci.edu/documents/dhb/web/0_cover.fm.html}, visited on 2022-11-13},
}

@article{parsons,
	author = {Parsons, S. G. and Marsh, T. R. and Copperwheat, C. M. and Dhillon, V. S. and Littlefair, S. P. and Gänsicke, B. T. and Hickman, R.},
	title = "{Precise mass and radius values for the white dwarf and low mass M dwarf in the pre-cataclysmic binary NN Serpentis}",
	journal = {Monthly Notices of the Royal Astronomical Society},
	volume = {402},
	number = {4},
	pages = {2591-2608},
	year = {2010},
	month = {03},
	issn = {0035-8711},
	doi = {10.1111/j.1365-2966.2009.16072.x},
	url = {https://doi.org/10.1111/j.1365-2966.2009.16072.x},
	eprint = {https://academic.oup.com/mnras/article-pdf/402/4/2591/4903742/mnras0402-2591.pdf},
}
@article{hyperleda,
	author={Paturel,G. and Petit,C. and Prugniel,Ph and Theureau,G. and Rousseau,J. and Brouty,M. and Dubois,P. and Cambrésy,L.},
	year={2003},
	title={HYPERLEDA: I. Identification and designation of galaxies},
	journal={Astronomy and astrophysics (Berlin)},
	volume={412},
	number={1},
	pages={45-55},
	keywords={Astrophysics; Cosmology and Extra-Galactic Astrophysics; Sciences of the Universe},	
	isbn={0004-6361},
	language={English},	
}
@article{times,
	doi = {10.1111/j.1365-2966.2010.17063.x},
	
	url = {https://doi.org/10.1111%2Fj.1365-2966.2010.17063.x},
	
	year = 2010,
	month = {jul},
	
	publisher = {Oxford University Press ({OUP})},
	
	volume = {407},
	
	number = {4},
	
	pages = {2362--2382},
	
	author = {S. G. Parsons and T. R. Marsh and C. M. Copperwheat and V. S. Dhillon and S. P. Littlefair and R. D. G. Hickman and P. F. L. Maxted and B. T. Gänsicke and E. Unda-Sanzana and J. P. Colque and N. Barraza and N. S{\'{a}
	}nchez and L. A. G. Monard},
	
	title = {Orbital period variations in eclipsing post-common-envelope binaries},
	
	journal = {Monthly Notices of the Royal Astronomical Society}
}


