@manual{manual,

	title={Chemical Oscillations},
	
	organization={University College Dublin},
} 

@article{parada,

author={Lozano-Parada,Jaime H. and Burnham,Helen and Machuca Martinez,Fiderman},

year={2018},

title={Pedagogical Approach to the Modeling and Simulation of Oscillating Chemical Systems with Modern Software: The Brusselator Model},

journal={Journal of chemical education},

volume={95},

number={5},

pages={758-766},

isbn={0021-9584},
}

@misc{eulerError,

	title={Error Analysis of the Euler Method},
	
	author={Robert B. Israel},
	
	note={\url{https://personal.math.ubc.ca/~israel/m215/euler2/euler2.html}, visited on 01/02/23},

}

@misc{paulsNotes,

	title={Euler's Method},
	
	author={Paul Dawkins},
	
	note={\url{https://tutorial.math.lamar.edu/classes/de/eulersmethod.aspx}, visited on 01/02/23, last modified on 16/11/22},

}

@misc{codeCamp,

	title={Euler's Method Explained with Examples},
	
	note={Code Camp, \url{https://www.freecodecamp.org/news/eulers-method-explained-with-examples/}, visited on 01/02/23, last modified on 26/01/20},

}

@misc{owkes,
	
	title={Error Analysis for {Euler's} {Method}},
	
	author={Mark Owkes},
	
	note={{Montana State University}},

}

@misc{python,
	
	title={{Python 3.11.1 Documentation}},
	
	note ={{The Python Software Foundation}, \url{https://docs.python.org/3/}, accessed on 08/02/23}	
	
}

@misc{niels,

	title = {{ACM20030: Computational Science - Introduction and Python Programming}},
	
	author = {Niels Warburton},
}
@ARTICLE{oscillationsAdvances,
  
author={Cupic, Zeljko D. and Taylor, Annette F. and Horv√°th, Dezso and Orlik, Marek and Epstein, Irving R.},   
	 
title={Editorial: Advances in Oscillating Reactions},      
	
journal={Frontiers in Chemistry},      
	
volume={9},           
	
year={2021},      
	  
url={https://www.frontiersin.org/articles/10.3389/fchem.2021.690699},       
	
doi={10.3389/fchem.2021.690699},      
	
issn={2296-2646}   
   
}

@article{dynamics,

	author={Shaun Ault and Erik Holmgreen},
	
	title={Dynamics of the Brusselator},
	
	year={2003},
	
	organisation={Universita di Pavia},
}

@article{nicolis,

author={Nicolis,G. and Portnow,J.},

year={1973},

title={Chemical oscillations},

journal={Chemical reviews},

volume={73},

number={4},

pages={365-384},

isbn={0009-2665},

language={English},

}

@article{analytical,
url = {https://doi.org/10.2478/s11532-013-0239-y},
title = {The application of oscillating chemical reactions to analytical determinations},
author = {Jie Ren and Xiaoyan Zhang and Jinzhang Gao and Wu Yang},
pages = {1023--1031},
volume = {11},
number = {7},
journal = {Open Chemistry},
doi = {doi:10.2478/s11532-013-0239-y},
year = {2013},
lastchecked = {2023-02-08}
}

@article{massAction,

author={Horn,F. and Jackson,R.},

year={1972},

title={General mass action kinetics},

journal={Archive for rational mechanics and analysis},

volume={47},

number={2},

pages={81-116},

isbn={0003-9527},

language={English},

}