@online{geosci,
	author= {GeoSci Developers},
	title = {Attenuation and Skin Depth},
	date  = {2018},
	url   = {https://em.geosci.xyz/content/maxwell1_fundamentals/harmonic_planewaves_homogeneous/skindepth.html}}

@online{hyperPhysics,
	author = {Nave, R},
	title  = {Skin Effect in AC Conduction},
	date   = {2022-10-03},
	url    = {http://hyperphysics.phy-astr.gsu.edu/hbase/electric/skineffect.html}
}

@book{jackson,
	
	author={Jackson,John D.},
	
	year={1962},
	
	title={Classical electrodynamics},
	
	publisher={Wiley},
	
	address={London;New York;},
	
	keywords={Electrodynamics},
	
	language={English}
}

@article{manual,
	
	author={Wiederick,H. D. and Gauthier,N.},
	
	year={1983},
	
	title={Frequency dependence of the skin depth in a metal cylinder},
	
	journal={American journal of physics},
	
	volume={51},
	
	number={2},
	
	pages={175-176},
	
	keywords={Education & Educational Research; Education, Scientific Disciplines; Physical Sciences; Physics; Physics, Multidisciplinary; Science & Technology; Social Sciences},
	
	isbn={0002-9505},
	
	language={English}
}

@online{steel,
	author={Engineering Toolbox},
	title  = {Permeability},
	date={2016},
	urldate = {2022-10-03},
	url={https://www.engineeringtoolbox.com/permeability-d_1923.html},}

@online{conductivity,
	author={Helmenstine, A. M.},
	title  = {Table of Electrical Resistivity and Conductivity},
	date={2019-06-29},
	urldate = {2022-10-03},
	url={https://www.thoughtco.com/table-of-electrical-resistivity-conductivity-608499},}

@online{conductivityBrass,
	author={Material Properties},
	title  = {What is the Electrical Conductivity of Brass},
	urldate = {2022-10-03},
	url={https://material-properties.org/what-is-electrical-conductivity-of-brass-definition/},}

@online{conductivityCopper,
	author={Vin Calcutt},
	title  = {Introduction to Copper},
	date= {2001-08},
	urldate = {2022-10-03},
	url={https://www.copper.org/publications/newsletters/innovations/2001/08/intro_fac.html},}

@online{iowa,
	author={Iowa State University, Center for Non-Destructive Evaluation},
	title  = {Electrical Conductivity and Resistivity for Aluminum and Aluminum Alloys},
	urldate = {2022-10-03},
	url={https://www.nde-ed.org/NDETechniques/EddyCurrent/ET_Tables/ET_matlprop_Aluminum.xhtml},}